<?xml version="1.0" encoding="UTF-8"?><record xmlns="http://www.loc.gov/MARC21/slim" xmlns:cinclude="http://apache.org/cocoon/include/1.0" xmlns:zs="http://www.loc.gov/zing/srw/">
  <leader>00875nz  a2200169n  4500</leader>
  <controlfield tag="001">n  97826467 </controlfield>
  <controlfield tag="003">DLC</controlfield>
  <controlfield tag="005">19970922081723.6</controlfield>
  <controlfield tag="008">970922n| acannaab|           n and     c</controlfield>
  <datafield tag="010" ind1=" " ind2=" ">
    <subfield code="a">n  97826467 </subfield>
  </datafield>
  <datafield tag="035" ind1=" " ind2=" ">
    <subfield code="a">(NN-PD)NN 300328932</subfield>
  </datafield>
  <datafield tag="040" ind1=" " ind2=" ">
    <subfield code="a">NN-PD</subfield>
    <subfield code="c">NN-PD</subfield>
  </datafield>
  <datafield tag="130" ind1=" " ind2="0">
    <subfield code="a">Histoire du soldat (Choreographic work : Kahl)</subfield>
  </datafield>
  <datafield tag="667" ind1=" " ind2=" ">
    <subfield code="a">Original title: The soldier's tale. Chor: Elsa Kahl; mus: Igor Stravinsky; lib: C. F. Ramuz; scen &amp; cos: Nina Tryggvadottir. Perf: New York, Brander Matthews Hall, Columbia University, May 18 and 19, 1946, an ensemble with The International Society for Contemporary Music, United States Section.</subfield>
  </datafield>
  <datafield tag="667" ind1=" " ind2=" ">
    <subfield code="a">Data contributed by the Dance Heritage Coalition for the New York Public Library Dance Collection.</subfield>
  </datafield>
  <datafield tag="670" ind1=" " ind2=" ">
    <subfield code="a">*MGZB  The International Society for Contemporary Music.  Programs.</subfield>
  </datafield>
  <datafield tag="670" ind1=" " ind2=" ">
    <subfield code="a">NYPL Dict. Cat. of the Dance Coll., 1974-</subfield>
  </datafield>
</record>